
@inproceedings{FFS,
  title={Key Exchange with Tight (Full) Forward Secrecy via Key Confirmation},
  publisher={Springer-Verlag},
  author={Jiaxin Pan and Doreen Riepel and Runzhi Zeng},
  year=2024
}
